@book{lamport1994latex,
  title={LaTeX: a document preparation system},
  author={Lamport, Leslie},
  year={1994},
  publisher={Addison-Wesley}
}
@article{pascanu2013difficulty,
  title={On the difficulty of training recurrent neural networks.},
  author={Pascanu, Razvan and Mikolov, Tomas and Bengio, Yoshua},
  journal={ICML (3)},
  volume={28},
  pages={1310--1318},
  year={2013}
}

@article{graves2013generating,
  title={Generating sequences with recurrent neural networks},
  author={Graves, Alex},
  journal={arXiv preprint arXiv:1308.0850},
  year={2013}
}

@article{lecun2015deep,
  title={Deep learning},
  author={LeCun, Yann and Bengio, Yoshua and Hinton, Geoffrey},
  journal={Nature},
  volume={521},
  number={7553},
  pages={436--444},
  year={2015},
  publisher={Nature Publishing Group}
}

@book{polk2002cognitive,
  title={Cognitive Modeling},
  author={Polk, T.A. and Seifert, C.M.},
  isbn={9780262661164},
  lccn={00101832},
  series={A Bradford Press},
  url={https://books.google.com.mx/books?id=FJblV\_iOPjIC},
  year={2002},
  publisher={MIT Press}
}

@book{natarajan2014machine,
  title={Machine learning: a theoretical approach},
  author={Natarajan, Balas K},
  year={2014},
  publisher={Morgan Kaufmann}
}

@article{bishop2006pattern,
  title={Pattern recognition},
  author={Bishop, Christopher M},
  journal={Machine Learning},
  volume={128},
  year={2006}
}

@book{marsland2015machine,
  title={Machine learning: an algorithmic perspective},
  author={Marsland, Stephen},
  year={2015},
  publisher={CRC press}
}
@article{schmidhuber2015deep,
  title={Deep learning in neural networks: An overview},
  author={Schmidhuber, J{\"u}rgen},
  journal={Neural Networks},
  volume={61},
  pages={85--117},
  year={2015},
  publisher={Elsevier}
}

@phdthesis{strom2007hebbian,
  title={Hebbian Learning in Multilayer Neural Networks},
  author={Strom, Richard Ward},
  year={2007},
  school={Citeseer}
}

@article{morris1999hebb,
  title={DO Hebb: The Organization of Behavior, Wiley: New York; 1949.},
  author={Morris, RG},
  journal={Brain research bulletin},
  volume={50},
  number={5-6},
  pages={437},
  year={1999},
  publisher={Brain Res Bull}
}

@article{hopfield1982neural,
  title={Neural networks and physical systems with emergent collective computational abilities},
  author={Hopfield, John J},
  journal={Proceedings of the national academy of sciences},
  volume={79},
  number={8},
  pages={2554--2558},
  year={1982},
  publisher={National Acad Sciences}
}

@article{oja1982simplified,
  title={Simplified neuron model as a principal component analyzer},
  author={Oja, Erkki},
  journal={Journal of mathematical biology},
  volume={15},
  number={3},
  pages={267--273},
  year={1982},
  publisher={Springer}
}